@misc{somename,
  title        = {{Softbanks Tutorials?}},
  author       = {Weihnachtsmann},
  howpublished = {\url{https://dslkfnsfjknksdlfs}},
  year         = {letzter Zugriff am irgendwann}
}
